<?xml version="1.0" encoding="UTF-8"?><collection><record><leader>06894ntm a2200649 a 4500</leader><controlfield tag="001">006492403</controlfield><controlfield tag="003">MiAaHDL</controlfield><controlfield tag="005">20190719000000.0</controlfield><controlfield tag="006">m        d        </controlfield><controlfield tag="007">cr bn ---auaua</controlfield><controlfield tag="008">090428s16uu    xx            00| ||ara d</controlfield><datafield tag="035" ind1=" " ind2=" "><subfield code="a">(MiU)006492403</subfield></datafield><datafield tag="035" ind1=" " ind2=" "><subfield code="a">sdr-miu006492403</subfield></datafield><datafield tag="040" ind1=" " ind2=" "><subfield code="a">MiU</subfield><subfield code="c">MiU</subfield><subfield code="e">amremm</subfield></datafield><datafield tag="043" ind1=" " ind2=" "><subfield code="a">n-us-mi</subfield></datafield><datafield tag="100" ind1="1" ind2=" "><subfield code="6">880-01</subfield><subfield code="a">Mīrzā Jān, Ḥabīb Allāh,</subfield><subfield code="d">-1586?</subfield></datafield><datafield tag="240" ind1="1" ind2="0"><subfield code="6">880-02</subfield><subfield code="a">Ḥāshiyat Mīrzā Jān ʻalá Sharḥ Ḥikmat al-ʻayn.</subfield></datafield><datafield tag="245" ind1="1" ind2="0"><subfield code="6">880-03</subfield><subfield code="a">[Ḥāshiyat Mīrzā Jān maʻa Ḥāshiyat Tahdhīb min al-manṭiq,</subfield><subfield code="f">17th century].</subfield></datafield><datafield tag="246" ind1="3" ind2=" "><subfield code="i">Title from inscription on opening added leaf (p.1):</subfield><subfield code="a">ميرزا جان وحاشية التهذيب من المنطق</subfield></datafield><datafield tag="246" ind1="3" ind2=" "><subfield code="i">Title from fore-edge flap:</subfield><subfield code="a">حاشية ميرز جان</subfield></datafield><datafield tag="246" ind1="3" ind2="8"><subfield code="a">حاشية حكمة العين</subfield></datafield><datafield tag="260" ind1=" " ind2=" "><subfield code="c">[16--].</subfield></datafield><datafield tag="300" ind1=" " ind2=" "><subfield code="a">236 leaves :</subfield><subfield code="b">paper ;</subfield><subfield code="c">212 x 158 (145-157 x 59-71) mm. bound to 212 x 165 mm.</subfield></datafield><datafield tag="500" ind1=" " ind2=" "><subfield code="a">Shelfmark: Ann Arbor, University of Michigan, Special Collections Library, Isl. Ms. 111</subfield></datafield><datafield tag="500" ind1=" " ind2=" "><subfield code="a">Origin: Lacks dated colophon ; paper suggests 17th century.</subfield></datafield><datafield tag="500" ind1=" " ind2=" "><subfield code="a">Accompanying materials: Vast number of slips carrying notes, most tipped in (paginated pp.13-14, pp.17-18, etc.).</subfield></datafield><datafield tag="500" ind1=" " ind2=" "><subfield code="a">Former shelfmark: British Museum, London "No. 112. Tahdib al-mantik."</subfield></datafield><datafield tag="500" ind1=" " ind2=" "><subfield code="a">Binding: Pasteboards covered in laid paper with red-brown leather on spine, fore-edge flap and edges/turn-ins ; Type II binding (with flap) ; envelope flap covered in pink laid paper ; board linings in laid paper ; initial quires sewn in yellow thread, latter quires in red thread, two stations ; worked endbands in light green and pink, tailband in tact, headband nearly gone ; in poor condition with significant abrasion, staining, lifting and losses of leather and paper (especially spine and fore-edge flap), delamination of boards, lower cover detaching at spine, etc.</subfield></datafield><datafield tag="500" ind1=" " ind2=" "><subfield code="a">Support: European laid paper of several types ; replacement leaves in European laid paper with horn in coat of arms (crown above) watermark (compare Heawood 2654) ; main type carrying opening work a European laid paper with 11 laid lines per cm. (vertical), chain lines spaced 28-30 mm. apart (horizontal), and three hats watermark (compare Heawood 2596) ; still another type in European laid paper bears a countermark of initials "A S" with trefoil above ; bulk of second work in European laid paper with crown star crescent watermark (compare Heawood 1132).</subfield></datafield><datafield tag="500" ind1=" " ind2=" "><subfield code="a">Decoration: Keywords, section headings, and abbreviations rubricated ; diagram on p.495.</subfield></datafield><datafield tag="500" ind1=" " ind2=" "><subfield code="a">Script: Naskh-nastaʻlīq and naskh ; several hands ; virtually serifless ; mainly closed counters ; effect of words descending to baseline, occasionally more exaggerated.</subfield></datafield><datafield tag="500" ind1=" " ind2=" "><subfield code="a">Layout: Written in 17 lines per page throughout ; frame-ruled.</subfield></datafield><datafield tag="500" ind1=" " ind2=" "><subfield code="a">Collation: II (4), V-1 (13), V (23), V-2 (31), 5 V(81), 2 VI (105), V-1 (114), 2 V (134), 2 IV (150), V (160), IV (168), V (178), IV (186), V (196), IV (204), 2 V(224), VI (236), i ; mainly quinions though quinions alternating with quaternions carry second work ; incipit supplied on replacement leaves (initial binion) ; catchwords present ; pagination in pencil, Western numerals, supplied during digitization (includes all inserts and back flyleaf, skips two pages between pp.93-94).</subfield></datafield><datafield tag="500" ind1=" " ind2=" "><subfield code="a">Incipit: [Ḥāshiyat Mīrzā Jān] "قوله الحكمة استكمال ... الاستكمال مصدر المصادر قد تطلق ويراد بها معانيها النسبية وقد تطلق ويراد بها الحاصل بالمصدر ..." ; [Ḥāshiyat Tahdhīb min al-manṭiq] "الحمد لله على تهذيب المنطق والكلام عن غياهب الشكوك والوهام"</subfield></datafield><datafield tag="500" ind1=" " ind2=" "><subfield code="a">Title supplied by cataloguer from inscription on opening added leaf (p.1).</subfield></datafield><datafield tag="500" ind1=" " ind2=" "><subfield code="a">Ms. codex.</subfield></datafield><datafield tag="505" ind1="0" ind2=" "><subfield code="a">3. fol.111b-fol.236b (p.234-p.546) : Ḥāshiyat Tahdhīb min al-manṭiq / Muḥammad ibn Asʻad al-Dawwānī.</subfield></datafield><datafield tag="505" ind1="0" ind2=" "><subfield code="a">2. fol.111a (p.233) : [blank].</subfield></datafield><datafield tag="505" ind1="0" ind2=" "><subfield code="a">1. fol.4b-fol. 110b (p8.-p.232) : Ḥāshiyat Mīrzā Jān / Ḥabīb Allāh Mīrzā Jān.</subfield></datafield><datafield tag="510" ind1="4" ind2=" "><subfield code="a">Brockelmann, C. GAL,</subfield><subfield code="c">II, 215/1 cmt. c</subfield></datafield><datafield tag="520" ind1="8" ind2=" "><subfield code="a">Clear copy of a gloss by Mīrzā Jān (with superglosses of Ḥasan Chalabī, etc.) upon the commentary by Muḥammad ʻAlī ibn Mubārakshāh al-Bukhārī on Najm al-Dīn ʻAlī ibn ʻUmar al-Kātibī al-Qazwīnī's Ḥikmat al-ʻayn, a work of metaphysics and the natural sciences. Followed by the commentary on the first part al-Taftāzānī's Tahdhīb al-manṭiq, a tract on logic and metaphysics, by Muḥammad ibn Asʻad al-Dawwānī.</subfield></datafield><datafield tag="538" ind1=" " ind2=" "><subfield code="a">Mode of access: Internet.</subfield></datafield><datafield tag="541" ind1=" " ind2=" "><subfield code="c">Purchase ;</subfield><subfield code="a">Acquired by purchase along with Abdul Hamid Collection (funds donated by Horace Rackham).</subfield><subfield code="d">1924.</subfield></datafield><datafield tag="546" ind1=" " ind2=" "><subfield code="a">Arabic.</subfield></datafield><datafield tag="561" ind1=" " ind2=" "><subfield code="a">Bookplate of British Museum, London on interior of upper cover, "British Museum, London. No. 112. Tahdib al-mantik." ; circular seal impression with figure of goat/gazelle in purple ink as well as inscription "142" in Western numerals on opening added leaf (p.1) ; on blue-tinted paper pasted on ’title page’ (p.7), a detailed waqf statement in the name of al-Sayyid ʻAbd Allāh Adīb (Abdullah Edip), known as Jannatʹzādah (Cennet-zade), qāḍī of Erzurum, accompanied by his seal, reads: "وقفت وقفا صحيحا شرعيا على ان لا يخرج من بيت الكتب الملتصق بداري الا لعلماء سكنوا بارضروم بكفيل مرعى اورهن قوي وانا الفقير اليه عز شانه السيد عبد الله اديب الشهير بجنت زاده القاضي بمدينة ارضروم في سنة اثنى وستين ومائتين والف" ; extensive marginal and interlinear glosses and corrections.</subfield></datafield><datafield tag="600" ind1="1" ind2="0"><subfield code="a">Taftāzānī, Masʻūd ibn ʻUmar,</subfield><subfield code="d">1322-1389?.</subfield><subfield code="t">Tahdhīb al-manṭiq wa-al-kalām.</subfield></datafield><datafield tag="600" ind1="1" ind2="0"><subfield code="a">Bukhārī, Muḥammad ʻAlī ibn Mubārakshāh,</subfield><subfield code="d">d. ca. 1340.</subfield><subfield code="t">Sharḥ Ḥikmat al-ʻayn.</subfield></datafield><datafield tag="650" ind1=" " ind2="0"><subfield code="a">Manuscripts, Arabic</subfield><subfield code="z">Michigan</subfield><subfield code="z">Ann Arbor.</subfield></datafield><datafield tag="650" ind1=" " ind2="0"><subfield code="a">Islam</subfield><subfield code="x">Doctrines</subfield><subfield code="v">Early works to 1800.</subfield></datafield><datafield tag="650" ind1=" " ind2="0"><subfield code="a">Logic, Medieval</subfield><subfield code="v">Early works to 1800.</subfield></datafield><datafield tag="650" ind1=" " ind2="0"><subfield code="a">Philosophy, Medieval.</subfield></datafield><datafield tag="650" ind1=" " ind2="0"><subfield code="a">Islamic philosophy</subfield><subfield code="v">Early works to 1800.</subfield></datafield><datafield tag="700" ind1="1" ind2=" "><subfield code="a">دواني، محمد بن اسعد.</subfield><subfield code="t">حاشية تهذيب من النمطق.</subfield></datafield><datafield tag="700" ind1="1" ind2=" "><subfield code="a">Dawwānī, Muḥammad ibn Asʻad,</subfield><subfield code="d">1426 or 1427-1512 or 1513.</subfield><subfield code="t">Ḥāshiyat Tahdhīb min al-manṭiq.</subfield></datafield><datafield tag="773" ind1="0" ind2=" "><subfield code="a">Tiflis Collection.</subfield></datafield><datafield tag="880" ind1="1" ind2="0"><subfield code="6">245-03/</subfield><subfield code="a">[حاشية ميرزا جان مع حاشية التهذيب,</subfield><subfield code="f">القرن 17م].</subfield></datafield><datafield tag="880" ind1="1" ind2="0"><subfield code="6">240-02/</subfield><subfield code="a">حاشية ميرزا جان على شرح حكمة العين</subfield></datafield><datafield tag="880" ind1="1" ind2=" "><subfield code="6">100-01/</subfield><subfield code="a">دواني، محمد بن اسعد.</subfield></datafield><datafield tag="CID" ind1=" " ind2=" "><subfield code="a">006492403</subfield></datafield><datafield tag="DAT" ind1="0" ind2=" "><subfield code="a">20190719102634.0</subfield><subfield code="b">20190719000000.0</subfield></datafield><datafield tag="DAT" ind1="1" ind2=" "><subfield code="a">20190719090653.0</subfield><subfield code="b">2019-07-19T16:11:18Z</subfield></datafield><datafield tag="DAT" ind1="2" ind2=" "><subfield code="a">2015-10-10T18:00:06Z</subfield></datafield><datafield tag="CAT" ind1=" " ind2=" "><subfield code="a">SDR-MIU</subfield><subfield code="d">EX LIBRIS - ALEPH</subfield><subfield code="l">prepare.pl-004-008</subfield></datafield><datafield tag="FMT" ind1=" " ind2=" "><subfield code="a">BK</subfield></datafield><datafield tag="HOL" ind1=" " ind2=" "><subfield code="0">sdr-miu006492403</subfield><subfield code="a">MiU</subfield><subfield code="b">SDR</subfield><subfield code="c">MIU</subfield><subfield code="p">mdp.39015079125467</subfield><subfield code="s">MIU</subfield><subfield code="1">006492403</subfield></datafield><datafield tag="974" ind1=" " ind2=" "><subfield code="b">MIU</subfield><subfield code="c">MIU</subfield><subfield code="d">20190719</subfield><subfield code="s">lit-dlps-dc</subfield><subfield code="u">mdp.39015079125467</subfield><subfield code="y">1699</subfield><subfield code="r">pd</subfield><subfield code="q">bib</subfield><subfield code="t">non-US bib date1 &lt; 1896</subfield></datafield></record></collection>